@misc{habanero,
author = {Habanero},
title = {Habanero Multicore Software Research Project},
howpublished = {\url{https://wiki.rice.edu/confluence/display/HABANERO/Habanero+Multicore+Software+Research+Project}}
}

@misc{x10,
author = {X10},
title = {X10: Performance and Productivity at Scale},
howpublished = {\url{http://x10-lang.org/}}
}

@inproceedings{Cave:2011:HNA:2093157.2093165,
 author = {Cav{\'e}, Vincent and Zhao, Jisheng and Shirako, Jun and Sarkar, Vivek},
 title = {Habanero-Java: the new adventures of old {X}10},
 booktitle = {Proceedings of the 9th International Conference on Principles and Practice of Programming in Java},
 series = {PPPJ '11},
 year = {2011},
 isbn = {978-1-4503-0935-6},
 location = {Kongens Lyngby, Denmark},
 pages = {51--61},
 numpages = {11},
 url = {http://doi.acm.org/10.1145/2093157.2093165},
 doi = {10.1145/2093157.2093165},
 acmid = {2093165},
 publisher = {ACM},
 address = {New York, NY, USA},
 keywords = {data-race detection, language, parallel programming},
} 


@inproceedings{conf:icst:GligoricMM12,
  added-at = {2012-05-31T00:00:00.000+0200},
  author = {Gligoric, Milos and Mehlitz, Peter C. and Marinov, Darko},
  biburl = {http://www.bibsonomy.org/bibtex/2cae34a7a72c4bd0c80947503e94dbd82/dblp},
  booktitle = {ICST},
  editor = {Antoniol, Giuliano and Bertolino, Antonia and Labiche, Yvan},
  ee = {http://doi.ieeecomputersociety.org/10.1109/ICST.2012.81},
  interhash = {d6e81c5a6f3e0e899fe07552dc95cc0f},
  intrahash = {cae34a7a72c4bd0c80947503e94dbd82},
  isbn = {978-1-4577-1906-6},
  keywords = {dblp},
  pages = {11-20},
  publisher = {IEEE},
  timestamp = {2012-05-31T00:00:00.000+0200},
  title = {{X}10{X}: Model Checking a New Programming Language with an "Old" Model Checker.},
  url = {http://dblp.uni-trier.de/db/conf/icst/icst2012.html#GligoricMM12},
  year = 2012
}

@inproceedings{Westbrook:2012:PPR:2367163.2367201,
 author = {Westbrook, Edwin and Zhao, Jisheng and Budimli\'{c}, Zoran and Sarkar, Vivek},
 title = {Practical permissions for race-free parallelism},
 booktitle = {Proceedings of the 26th European conference on Object-Oriented Programming},
 series = {ECOOP'12},
 year = {2012},
 isbn = {978-3-642-31056-0},
 location = {Beijing, China},
 pages = {614--639},
 numpages = {26},
 url = {http://dx.doi.org/10.1007/978-3-642-31057-7_27},
 doi = {10.1007/978-3-642-31057-7_27},
 acmid = {2367201},
 publisher = {Springer-Verlag},
 address = {Berlin, Heidelberg},
} 

@inproceedings{Westbrook:2011:PRR:2341616.2341627,
 author = {Westbrook, Edwin and Zhao, Jisheng and Budimli\'{c}, Zoran and Sarkar, Vivek},
 title = {Permission regions for race-free parallelism},
 booktitle = {Proceedings of the Second international conference on Runtime verification},
 series = {RV'11},
 year = {2012},
 isbn = {978-3-642-29859-2},
 location = {San Francisco, CA},
 pages = {94--109},
 numpages = {16},
 url = {http://dx.doi.org/10.1007/978-3-642-29860-8_8},
 doi = {10.1007/978-3-642-29860-8_8},
 acmid = {2341627},
 publisher = {Springer-Verlag},
 address = {Berlin, Heidelberg},
} 


@incollection{chapel,
year={2013},
isbn={978-3-642-38087-7},
booktitle={NASA Formal Methods},
volume={7871},
series={Lecture Notes in Computer Science},
editor={Brat, Guillaume and Rungta, Neha and Venet, Arnaud},
doi={10.1007/978-3-642-38088-4_14},
title={Automated Verification of {C}hapel Programs Using Model Checking and Symbolic Execution},
url={http://dx.doi.org/10.1007/978-3-642-38088-4_14},
publisher={Springer Berlin Heidelberg},
author={Zirkel, TimothyK. and Siegel, StephenF. and McClory, Timothy},
pages={198-212}
}

@inproceedings{Vakkalanka:2008:DVM:1427782.1427794,
 author = {Vakkalanka, Sarvani and Gopalakrishnan, Ganesh and Kirby, Robert M.},
 title = {Dynamic Verification of {M}{P}{I} Programs with Reductions in Presence of Split Operations and Relaxed Orderings},
 booktitle = {Proceedings of the 20th international conference on Computer Aided Verification},
 series = {CAV '08},
 year = {2008},
 isbn = {978-3-540-70543-7},
 location = {Princeton, NJ, USA},
 pages = {66--79},
 numpages = {14},
 url = {http://dx.doi.org/10.1007/978-3-540-70545-1_9},
 doi = {10.1007/978-3-540-70545-1_9},
 acmid = {1427794},
 publisher = {Springer-Verlag},
 address = {Berlin, Heidelberg},
} 

@inproceedings{Morse:2012:MAM:2189257.2189279,
 author = {Morse, Everett and Vrvilo, Nick and Mercer, Eric and McCarthy, Jay},
 title = {Modeling asynchronous message passing for {C} programs},
 booktitle = {Proceedings of the 13th international conference on Verification, Model Checking, and Abstract Interpretation},
 series = {VMCAI'12},
 year = {2012},
 isbn = {978-3-642-27939-3},
 location = {Philadelphia, PA},
 pages = {332--347},
 numpages = {16},
 url = {http://dx.doi.org/10.1007/978-3-642-27940-9_22},
 doi = {10.1007/978-3-642-27940-9_22},
 acmid = {2189279},
 publisher = {Springer-Verlag},
 address = {Berlin, Heidelberg},
 keywords = {concurrency, debug, model checking, test, validation},
} 


@article{Vo:2009:FVP:1594835.1504214,
 author = {Vo, Anh and Vakkalanka, Sarvani and DeLisi, Michael and Gopalakrishnan, Ganesh and Kirby, Robert M. and Thakur, Rajeev},
 title = {Formal verification of practical {M}{P}{I} programs},
 journal = {SIGPLAN Not.},
 issue_date = {April 2009},
 volume = {44},
 number = {4},
 month = feb,
 year = {2009},
 issn = {0362-1340},
 pages = {261--270},
 numpages = {10},
 url = {http://doi.acm.org/10.1145/1594835.1504214},
 doi = {10.1145/1594835.1504214},
 acmid = {1504214},
 publisher = {ACM},
 address = {New York, NY, USA},
 keywords = {distributed programming, dynamic partial order reduction, message passing interface, model checking, mpi},
} 

@INPROCEEDINGS{5644885, 
author={Vo, A. and Aananthakrishnan, S. and Gopalakrishnan, G. and de Supinski, B.R. and Schulz, M. and Bronevetsky, G.}, 
booktitle={High Performance Computing, Networking, Storage and Analysis (SC), 2010 International Conference for}, 
title={A Scalable and Distributed Dynamic Formal Verifier for {M}{P}{I} Programs}, 
year={2010}, 
pages={1-10}, 
keywords={application program interfaces;formal verification;message passing;program testing;DAMPI;Lamport-clocks;MPI dynamic verification tools;MPI program testing;decentralized algorithm;distributed dynamic formal verifier;dynamic analyzer;standard testing methods;user-configurable testing;Clocks;Heuristic algorithms;Neodymium;Probes;Runtime;Semantics;Testing}, 
doi={10.1109/SC.2010.7},}

@INPROCEEDINGS{6113841, 
author={Vo, A. and Gopalakrishnan, G. and Kirby, R.M. and De Supinski, B.R. and Schulz, M. and Bronevetsky, G.}, 
booktitle={Parallel Architectures and Compilation Techniques (PACT), 2011 International Conference on}, 
title={Large Scale Verification of {M}{P}{I} Programs Using Lamport Clocks with Lazy Update}, 
year={2011}, 
pages={330-339}, 
keywords={application program interfaces;message passing;program verification;protocols;Lamport clocks;MPI program behavior;causality tracking protocols;communication bandwidth;correctness bugs locating;dynamic verification approach;large scale verification;latency;lazy update logical clock based algorithms;memory consumption;message passing programs;nondeterministic message receive operations;send operations;vector clock based algorithm;Clocks;Computer bugs;Protocols;Semantics;Synchronization;Testing;Vectors;MPI debugging;MPI verification;causality tracking;dynamic verification}, 
doi={10.1109/PACT.2011.64}, 
ISSN={1089-795X},}

@article{Bouajjani:2012:ARP:2103621.2103681,
 author = {Bouajjani, Ahmed and Emmi, Michael},
 title = {Analysis of recursively parallel programs},
 journal = {SIGPLAN Not.},
 issue_date = {January 2012},
 volume = {47},
 number = {1},
 month = jan,
 year = {2012},
 issn = {0362-1340},
 pages = {203--214},
 numpages = {12},
 url = {http://doi.acm.org/10.1145/2103621.2103681},
 doi = {10.1145/2103621.2103681},
 acmid = {2103681},
 publisher = {ACM},
 address = {New York, NY, USA},
 keywords = {concurrency, parallelism, verification},
} 