@inproceedings{cave2011habanero,
  title={Habanero-{J}ava: the new adventures of old {X}10},
  author={Cav{\'e}, Vincent and Zhao, Jisheng and Shirako, Jun and Sarkar, Vivek},
  booktitle={Proceedings of the 9th International Conference on Principles and Practice of Programming in Java},
  pages={51--61},
  year={2011},
  organization={ACM}
}

@article{charles2005x10,
 author = {Charles, Philippe and Grothoff, Christian and Saraswat, Vijay and Donawa, Christopher and Kielstra, Allan and Ebcioglu, Kemal and von Praun, Christoph and Sarkar, Vivek},
 title = {X10: {An} {O}bject-oriented {A}pproach to {N}on-uniform {C}luster {C}omputing},
 journal = {SIGPLAN Not.},
 issue_date = {October 2005},
 volume = {40},
 number = {10},
 month = oct,
 year = {2005},
 issn = {0362-1340},
 pages = {519--538},
 numpages = {20},
 url = {http://doi.acm.org/10.1145/1103845.1094852},
 doi = {10.1145/1103845.1094852},
 acmid = {1094852},
 publisher = {ACM},
 address = {New York, NY, USA},
 keywords = {Java, X10, atomic blocks, clocks, data distribution, multithreading, non-uniform cluster computing (NUCC), partitioned global address space (PGAS), places, productivity, scalability}
} 

@article{blumofe1996cilk,
  title={Cilk: An efficient multithreaded runtime system},
  author={Blumofe, Robert D and Joerg, Christopher F and Kuszmaul, Bradley C and Leiserson, Charles E and Randall, Keith H and Zhou, Yuli},
  journal={Journal of parallel and distributed computing},
  volume={37},
  number={1},
  pages={55--69},
  year={1996},
  publisher={Elsevier}
}

@inproceedings{imam2014habanero,
  title={Habanero-{J}ava library: a {J}ava 8 framework for multicore programming},
  author={Imam, Shams and Sarkar, Vivek},
  booktitle={Proceedings of the 2014 International Conference on Principles and Practices of Programming on the Java platform: Virtual machines, Languages, and Tools},
  pages={75--86},
  year={2014},
  organization={ACM}
}

@inproceedings{raman2012scalable,
  title={Scalable and {P}recise dynamic datarace detection for structured parallelism},
  author={Raman, Raghavan and Zhao, Jisheng and Sarkar, Vivek and Vechev, Martin and Yahav, Eran},
  booktitle={ACM SIGPLAN Notices},
  volume={47},
  number={6},
  pages={531--542},
  year={2012},
  organization={ACM}
}

@misc{kulikov2010detecting,
  title={Detecting Data Races with Java PathFinder},
  author={Kulikov, Sergey and Shafiei, Nastaran and Van Breugel, Franck and Visser, Willem},
  year={2010}
}

@inproceedings{dimitrov2014commutativity,
  title={Commutativity race detection},
  author={Dimitrov, Dimitar and Raychev, Veselin and Vechev, Martin and Koskinen, Eric},
  booktitle={ACM SIGPLAN Notices},
  volume={49},
  number={6},
  pages={305--315},
  year={2014},
  organization={ACM}
}

@inproceedings{flanagan2009fasttrack,
  title={Fast{T}rack: efficient and precise dynamic race detection},
  author={Flanagan, Cormac and Freund, Stephen N},
  booktitle={ACM Sigplan Notices},
  volume={44},
  number={6},
  pages={121--133},
  year={2009},
  organization={ACM}
}

@article{savage1997eraser,
  title={Eraser: A dynamic data race detector for multithreaded programs},
  author={Savage, Stefan and Burrows, Michael and Nelson, Greg and Sobalvarro, Patrick and Anderson, Thomas},
  journal={ACM Transactions on Computer Systems (TOCS)},
  volume={15},
  number={4},
  pages={391--411},
  year={1997},
  publisher={ACM}
}

@article{EraserUpgrade,
 author = {Choi, Jong-Deok and Lee, Keunwoo and Loginov, Alexey and O'Callahan, Robert and Sarkar, Vivek and Sridharan, Manu},
 title = {Efficient and {P}recise {D}atarace {D}etection for {M}ultithreaded {O}bject-oriented {P}rograms},
 journal = {SIGPLAN Not.},
 issue_date = {May 2002},
 volume = {37},
 number = {5},
 month = may,
 year = {2002},
 issn = {0362-1340},
 pages = {258--269},
 numpages = {12},
 url = {http://doi.acm.org/10.1145/543552.512560},
 doi = {10.1145/543552.512560},
 acmid = {512560},
 publisher = {ACM},
 address = {New York, NY, USA},
 keywords = {dataraces, debugging, multithreaded programming, object-oriented programming, parallel programs, race conditions, static-dynamic co-analysis, synchronization},
}

@INPROCEEDINGS{Feng97efficientdetection,
    author = {Mingdong Feng},
    title = {Efficient detection of determinacy races in {C}ilk programs},
    booktitle = {In Proceedings of the Ninth Annual ACM Symposium on Parallel Algorithms and Architectures (SPAA},
    year = {1997},
    pages = {1--11}
}

@article{Async-Finish-Race,
  added-at = {2012-12-10T00:00:00.000+0100},
  author = {Raman, Raghavan and Zhao, Jisheng and Sarkar, Vivek and Vechev, Martin T. and Yahav, Eran},
  biburl = {http://www.bibsonomy.org/bibtex/2f19708396d9bd00dcaa3d596647b001d/dblp},
  ee = {http://dx.doi.org/10.1007/s10703-012-0143-7},
  interhash = {ae2ff1c23e0ed7602e0b411c322beeb4},
  intrahash = {f19708396d9bd00dcaa3d596647b001d},
  journal = {Formal Methods in System Design},
  keywords = {dblp},
  number = 3,
  pages = {321-347},
  timestamp = {2012-12-11T11:36:40.000+0100},
  title = {Efficient data race detection for async-finish parallelism},
  volume = 41,
  year = 2012
}

@incollection{westbrook2012practical,
  title={Practical permissions for race-free parallelism},
  author={Westbrook, Edwin and Zhao, Jisheng and Budimli{\'c}, Zoran and Sarkar, Vivek},
  booktitle={ECOOP 2012--Object-Oriented Programming},
  pages={614--639},
  year={2012},
  publisher={Springer}
}

@inproceedings{westbrook2012permission,
  title={Permission regions for race-free parallelism},
  author={Westbrook, Edwin and Zhao, Jisheng and Budimli{\'c}, Zoran and Sarkar, Vivek},
  booktitle={Runtime Verification},
  pages={94--109},
  year={2012},
  organization={Springer}
}

@inproceedings{mercer2015model,
  title={Model Checking Task Parallel Programs using Gradual Permissions},
  author={Mercer, Eric and Anderson, Peter and  Vrvilo, Nick and Sarkar, Vivek},
  booktitle={Proceedings of 30th IEEE/ACM International Conference on Automated Software Engineering, New ideas category},
  year={2015},
  organization={ACM}
}	

@inproceedings{engler2003racerx,
  title={Racer{X}: effective, static detection of race conditions and deadlocks},
  author={Engler, Dawson and Ashcraft, Ken},
  booktitle={ACM SIGOPS Operating Systems Review},
  volume={37},
  number={5},
  pages={237--252},
  year={2003},
  organization={ACM}
}

@inproceedings{kahlon2009static,
  title={Static data race detection for concurrent programs with asynchronous calls},
  author={Kahlon, Vineet and Sinha, Nishant and Kruus, Erik and Zhang, Yun},
  booktitle={Proceedings of the the 7th joint meeting of the European software engineering conference and the ACM SIGSOFT symposium on The foundations of software engineering},
  pages={13--22},
  year={2009},
  organization={ACM}
}

@article{ESC,
 author = {Flanagan, Cormac and Leino, K. Rustan M. and Lillibridge, Mark and Nelson, Greg and Saxe, James B. and Stata, Raymie},
 title = {Extended {S}tatic {C}hecking for {J}ava},
 journal = {Proceedings of the ACM SIGPLAN 2002 conference on Programming language design and implementation (SIGPLAN Not.)},
 issue_date = {May 2002},
 volume = {37},
 number = {5},
 month = may,
 year = {2002},
 issn = {0362-1340},
 pages = {234--245},
 numpages = {12},
 publisher = {ACM},
 address = {New York, NY, USA},
 keywords = {compile-time program checking},
}

@article{abadi2006types,
  title={Types for safe locking: Static race detection for Java},
  author={Abadi, Martin and Flanagan, Cormac and Freund, Stephen N},
  journal={ACM Transactions on Programming Languages and Systems (TOPLAS)},
  volume={28},
  number={2},
  pages={207--255},
  year={2006},
  publisher={ACM}
}

@article{naik2006effective,
  title={Effective static race detection for Java},
  author={Naik, Mayur and Aiken, Alex and Whaley, John},
  volume={41},
  number={6},
  year={2006},
  publisher={ACM}
}

@inproceedings{voung2007relay,
  title={RELAY: static race detection on millions of lines of code},
  author={Voung, Jan Wen and Jhala, Ranjit and Lerner, Sorin},
  booktitle={Proceedings of the the 6th joint meeting of the European software engineering conference and the ACM SIGSOFT symposium on The foundations of software engineering},
  pages={205--214},
  year={2007},
  organization={ACM}
}

@techreport{choi2001static,
  title={Static datarace analysis for multithreaded object-oriented programs},
  author={Choi, Jong-Deok and Loginov, Alexey and Sarkar, Vivek},
  year={2001},
  institution={Technical Report RC22146, IBM Research}
}

@incollection{vechev2011automatic,
  title={Automatic verification of determinism for structured parallel programs},
  author={Vechev, Martin and Yahav, Eran and Raman, Raghavan and Sarkar, Vivek},
  booktitle={Static Analysis},
  pages={455--471},
  year={2011},
  publisher={Springer}
}
@inproceedings{burnim2009asserting,
  title={Asserting and checking determinism for multithreaded programs},
  author={Burnim, Jacob and Sen, Koushik},
  booktitle={Proceedings of the the 7th joint meeting of the European software engineering conference and the ACM SIGSOFT symposium on The foundations of software engineering},
  pages={3--12},
  year={2009},
  organization={ACM}
}

@inproceedings{burnim2010determin,
  title={{DETERMIN}: {I}nferring likely deterministic specifications of multithreaded programs},
  author={Burnim, Jacob and Sen, Koushik},
  booktitle={Proceedings of the 32nd ACM/IEEE International Conference on Software Engineering-Volume 1},
  pages={415--424},
  year={2010},
  organization={ACM}
}

@inproceedings{nistor2010instantcheck,
  title={Instantcheck: {C}hecking the determinism of parallel programs using on-the-fly incremental hashing},
  author={Nistor, Adrian and Marinov, Darko and Torrellas, Josep},
  booktitle={Proceedings of the 2010 43rd Annual IEEE/ACM International Symposium on Microarchitecture},
  pages={251--262},
  year={2010},
  organization={IEEE Computer Society}
}

@article{anderson2014jpf,
  title={J{PF} verification of {H}abanero {J}ava programs},
  author={Anderson, Peter and Chase, Brandon and Mercer, Eric},
  journal={ACM SIGSOFT Software Engineering Notes},
  volume={39},
  number={1},
  pages={1--7},
  year={2014},
  publisher={ACM}
}

@inproceedings{gligoric2012x10x,
  title={X10{X}: {M}odel checking a new programming language with an "old" model checker},
  author={Gligoric, Milos and Mehlitz, Peter C and Marinov, Darko},
  booktitle={Software Testing, Verification and Validation (ICST), 2012 IEEE Fifth International Conference on},
  pages={11--20},
  year={2012},
  organization={IEEE}
}

@article{zirkel2013automated,
  title={Automated {V}erification of {C}hapel {P}rograms Using {M}odel {C}hecking and {S}ymbolic {E}xecution.},
  author={Zirkel, Timothy K and Siegel, Stephen F and McClory, Timothy},
  journal={NASA Formal Methods},
  volume={7871},
  pages={198--212},
  year={2013},
  publisher={Springer}
}

@inproceedings{kahlon2010universal,
  title={Universal causality graphs: {A} precise happens-before model for detecting bugs in concurrent programs},
  author={Kahlon, Vineet and Wang, Chao},
  booktitle={Computer Aided Verification},
  pages={434--449},
  year={2010},
  organization={Springer}
}

@book{miller1988mechanism,
  title={A mechanism for efficient debugging of parallel programs},
  author={Miller, Barton P and Choi, Jong-Deok},
  volume={23},
  number={7},
  year={1988},
  publisher={ACM}
}

@online{jgrapht,
title = {{JGraphT}, {A} {J}ava {L}ibrary focused on data structures and algorithms},
url = {http://jgrapht.org/}
}

@online{graphviz,
title = {{GraphViz}, {A} {G}raph {V}isualization {S}oftware},
url = {http://www.graphviz.org/}
}

@article{xu1997rely,
  title={The rely-guarantee method for verifying shared variable concurrent programs},
  author={Xu, Qiwen and de Roever, Willem-Paul and He, Jifeng},
  journal={Formal Aspects of Computing},
  volume={9},
  number={2},
  pages={149--174},
  year={1997},
  publisher={Springer}
}

@incollection{popeea2012compositional,
  title={Compositional termination proofs for multi-threaded programs},
  author={Popeea, Corneliu and Rybalchenko, Andrey},
  booktitle={Tools and Algorithms for the Construction and Analysis of Systems},
  pages={237--251},
  year={2012},
  publisher={Springer}
}

@incollection{flanagan2003thread,
  title={Thread-modular model checking},
  author={Flanagan, Cormac and Qadeer, Shaz},
  booktitle={Model Checking Software},
  pages={213--224},
  year={2003},
  publisher={Springer}
}

@Inbook{henzinger2003thread,
author="Henzinger, Thomas A.
and Jhala, Ranjit
and Majumdar, Rupak
and Qadeer, Shaz",
editor="Hunt, Warren A.
and Somenzi, Fabio",
title="Thread-Modular Abstraction Refinement",
bookTitle="Computer Aided Verification: 15th International Conference, CAV 2003, Boulder, CO, USA, July 8-12, 2003. Proceedings",
year="2003",
publisher="Springer Berlin Heidelberg",
address="Berlin, Heidelberg",
pages="262--274",
isbn="978-3-540-45069-6",
doi="10.1007/978-3-540-45069-6_27",
url="http://dx.doi.org/10.1007/978-3-540-45069-6_27"
}

@incollection{malkis2007precise,
  title={Precise thread-modular verification},
  author={Malkis, Alexander and Podelski, Andreas and Rybalchenko, Andrey},
  booktitle={Static Analysis},
  pages={218--232},
  year={2007},
  publisher={Springer}
}

@inproceedings{dennis2012determinacy,
  title={Determinacy and repeatability of parallel program schemata},
  author={Dennis, Jack B and Gao, Guang R and Sarkar, Vivek},
  booktitle={Data-Flow Execution Models for Extreme Scale Computing (DFM), 2012},
  pages={1--9},
  year={2012},
  organization={IEEE}
}

@article{lamport1978time,
  title={Time, clocks, and the ordering of events in a distributed system},
  author={Lamport, Leslie},
  journal={Communications of the ACM},
  volume={21},
  number={7},
  pages={558--565},
  year={1978},
  publisher={ACM}
}

@inproceedings{mellor1991fly,
 author = {Mellor-Crummey, John},
 title = {On-the-fly Detection of Data Races for Programs with Nested Fork-join Parallelism},
 booktitle = {Proceedings of the 1991 ACM/IEEE Conference on Supercomputing},
 series = {Supercomputing '91},
 year = {1991},
 isbn = {0-89791-459-7},
 location = {Albuquerque, New Mexico, USA},
 pages = {24--33},
 numpages = {10},
 url = {http://doi.acm.org/10.1145/125826.125861},
 doi = {10.1145/125826.125861},
 acmid = {125861},
 publisher = {ACM},
 address = {New York, NY, USA},
}

@book{schonberg1989fly,
  title={On-the-fly detection of access anomalies},
  author={Schonberg, D},
  volume={24},
  number={7},
  year={1989},
  publisher={ACM}
}

@incollection{elmas2006goldilocks,
  title={Goldilocks: Efficiently computing the happens-before relation using locksets},
  author={Elmas, Tayfun and Qadeer, Shaz and Tasiran, Serdar},
  booktitle={Formal Approaches to Software Testing and Runtime Verification},
  pages={193--208},
  year={2006},
  publisher={Springer}
}

@inproceedings{elmas2007goldilocks,
  title={Goldilocks: a race and transaction-aware java runtime},
  author={Elmas, Tayfun and Qadeer, Shaz and Tasiran, Serdar},
  booktitle={ACM SIGPLAN Notices},
  volume={42},
  number={6},
  pages={245--255},
  year={2007},
  organization={ACM}
}

@incollection{forejt2014precise,
  title={Precise predictive analysis for discovering communication deadlocks in MPI programs},
  author={Forejt, Vojt{\v{e}}ch and Kroening, Daniel and Narayanaswamy, Ganesh and Sharma, Subodh},
  booktitle={FM 2014: Formal Methods},
  pages={263--278},
  year={2014},
  publisher={Springer}
}

@incollection{vakkalanka2008implementing,
  title={Implementing efficient dynamic formal verification methods for MPI programs},
  author={Vakkalanka, Sarvani and DeLisi, Michael and Gopalakrishnan, Ganesh and Kirby, Robert M and Thakur, Rajeev and Gropp, William},
  booktitle={Recent Advances in Parallel Virtual Machine and Message Passing Interface},
  pages={248--256},
  year={2008},
  publisher={Springer}
}

@inproceedings{Godefroid,
 author = {Godefroid, Patrice},
 title = {Model Checking for Programming Languages Using VeriSoft},
 booktitle = {Proceedings of the 24th ACM SIGPLAN-SIGACT Symposium on Principles of Programming Languages},
 series = {POPL '97},
 year = {1997},
 isbn = {0-89791-853-3},
 location = {Paris, France},
 pages = {174--186},
 numpages = {13},
 url = {http://doi.acm.org/10.1145/263699.263717},
 doi = {10.1145/263699.263717},
 acmid = {263717},
 publisher = {ACM},
 address = {New York, NY, USA}
} 

@inproceedings{gotsman2007thread,
  title={Thread-modular shape analysis},
  author={Gotsman, Alexey and Berdine, Josh and Cook, Byron and Sagiv, Mooly},
  booktitle={ACM SIGPLAN Notices},
  volume={42},
  number={6},
  pages={266--277},
  year={2007},
  organization={ACM}
}

@article{bouajjani,
  title={Analysis of recursively parallel programs},
  author={Bouajjani, Ahmed and Emmi, Michael},
  journal={ACM SIGPLAN Notices},
  volume={47},
  number={1},
  pages={203--214},
  year={2012},
  publisher={ACM}
}

@inproceedings{demsky2015satcheck,
  title={SATCheck: {SAT}-directed stateless model checking for {SC} and {TSO}},
  author={Demsky, Brian and Lam, Patrick},
  booktitle={Proceedings of the 2015 ACM SIGPLAN International Conference on Object-Oriented Programming, Systems, Languages, and Applications},
  pages={20--36},
  year={2015},
  organization={ACM}
}

@inproceedings{hong2012testing,
  title={Testing concurrent programs to achieve high synchronization coverage},
  author={Hong, Shin and Ahn, Jaemin and Park, Sangmin and Kim, Moonzoo and Harrold, Mary Jean},
  booktitle={Proceedings of the 2012 International Symposium on Software Testing and Analysis},
  pages={210--220},
  year={2012},
  organization={ACM}
}

@inproceedings{yu2012maple,
  title={Maple: a coverage-driven testing tool for multithreaded programs},
  author={Yu, Jie and Narayanasamy, Satish and Pereira, Cristiano and Pokam, Gilles},
  booktitle={Acm Sigplan Notices},
  volume={47},
  number={10},
  pages={485--502},
  year={2012},
  organization={ACM}
}

@inproceedings{terragni2015recontest,
  title={Recontest: {E}ffective regression testing of concurrent programs},
  author={Terragni, Valerio and Cheung, Shing-Chi and Zhang, Charles},
  booktitle={Software Engineering (ICSE), 2015 IEEE/ACM 37th IEEE International Conference on},
  volume={1},
  pages={246--256},
  year={2015},
  organization={IEEE}
}

@inproceedings{yu2014simrt,
  title={Sim{RT}: an automated framework to support regression testing for data races},
  author={Yu, Tingting and Srisa-an, Witawas and Rothermel, Gregg},
  booktitle={Proceedings of the 36th International Conference on Software Engineering},
  pages={48--59},
  year={2014},
  organization={ACM}
}

@inproceedings{leon2015unfolding,
  title={Unfolding Based Minimal Test Suites for Testing Multithreaded Programs},
  author={Leon, Hernan Ponce de and Saarikivi, Olli and Kahkonen, Kari and Heljanko, Keijo and Esparza, Javier},
  booktitle={Application of Concurrency to System Design (ACSD), 2015 15th International Conference on},
  pages={40--49},
  year={2015},
  organization={IEEE}
}

@article{kahkonen2015unfolding,
  title={Unfolding based automated testing of multithreaded programs},
  author={K{\"a}hk{\"o}nen, Kari and Saarikivi, Olli and Heljanko, Keijo},
  journal={Automated Software Engineering},
  volume={22},
  number={4},
  pages={475--515},
  year={2015},
  publisher={Springer}
}

@inproceedings{drdForFutures,
  title={{D}ynamic {D}eterminacy {R}ace {D}etection for {T}ask {P}arallelism with {F}utures},
  author={Surendran, Rishi and Sarkar, Vivek},
  booktitle={Runtime Verification, 2016 16th International Conference on},
  year={2016},
  organization={Springer}
}
