@article{Anderson:2014:JVH:2557833.2560582,
 author = {Anderson, Peter and Chase, Brandon and Mercer, Eric},
 title = {JPF Verification of Habanero Java Programs},
 journal = {SIGSOFT Softw. Eng. Notes},
 issue_date = {January 2014},
 volume = {39},
 number = {1},
 month = feb,
 year = {2014},
 issn = {0163-5948},
 pages = {1--7},
 numpages = {7},
 url = {http://doi.acm.org/10.1145/2557833.2560582},
 doi = {10.1145/2557833.2560582},
 acmid = {2560582},
 publisher = {ACM},
 address = {New York, NY, USA},
} 

@inproceedings{Westbrook:2012:PPR:2367163.2367201,
 author = {Westbrook, Edwin and Zhao, Jisheng and Budimli\'{c}, Zoran and Sarkar, Vivek},
 title = {Practical Permissions for Race-free Parallelism},
 booktitle = {Proceedings of the 26th European Conference on Object-Oriented Programming},
 series = {ECOOP'12},
 year = {2012},
 isbn = {978-3-642-31056-0},
 location = {Beijing, China},
 pages = {614--639},
 numpages = {26},
 url = {http://dx.doi.org/10.1007/978-3-642-31057-7_27},
 doi = {10.1007/978-3-642-31057-7_27},
 acmid = {2367201},
 publisher = {Springer-Verlag},
 address = {Berlin, Heidelberg},
}

@inproceedings{Westbrook:2011:PRR:2341616.2341627,
 author = {Westbrook, Edwin and Zhao, Jisheng and Budimli\'{c}, Zoran and Sarkar, Vivek},
 title = {Permission Regions for Race-free Parallelism},
 booktitle = {Proceedings of the Second International Conference on Runtime Verification},
 series = {RV'11},
 year = {2012},
 isbn = {978-3-642-29859-2},
 location = {San Francisco, CA},
 pages = {94--109},
 numpages = {16},
 url = {http://dx.doi.org/10.1007/978-3-642-29860-8_8},
 doi = {10.1007/978-3-642-29860-8_8},
 acmid = {2341627},
 publisher = {Springer-Verlag},
 address = {Berlin, Heidelberg},
}

@inproceedings{Cave:2011:HNA:2093157.2093165,
 author = {Cav{\'e}, Vincent and Zhao, Jisheng and Shirako, Jun and Sarkar, Vivek},
 title = {Habanero-Java: the new adventures of old {X}10},
 booktitle = {Proceedings of the 9th International Conference on Principles and Practice of Programming in Java},
 series = {PPPJ '11},
 year = {2011},
 isbn = {978-1-4503-0935-6},
 location = {Kongens Lyngby, Denmark},
 pages = {51--61},
 numpages = {11},
 url = {http://doi.acm.org/10.1145/2093157.2093165},
 doi = {10.1145/2093157.2093165},
 acmid = {2093165},
 publisher = {ACM},
 address = {New York, NY, USA},
 keywords = {data-race detection, language, parallel programming},
}

@inproceedings{Shirako:2008:PUD:1375527.1375568,
 author = {Shirako, Jun and Peixotto, David M. and Sarkar, Vivek and Scherer, William N.},
 title = {Phasers: A Unified Deadlock-free Construct for Collective and Point-to-point Synchronization},
 booktitle = {Proceedings of the 22Nd Annual International Conference on Supercomputing},
 series = {ICS '08},
 year = {2008},
 isbn = {978-1-60558-158-3},
 location = {Island of Kos, Greece},
 pages = {277--288},
 numpages = {12},
 url = {http://doi.acm.org/10.1145/1375527.1375568},
 doi = {10.1145/1375527.1375568},
 acmid = {1375568},
 publisher = {ACM},
 address = {New York, NY, USA},
 keywords = {barriers, semaphores},
}

@inproceedings{hj-lib,
 author = {Imam, Shams and Sarkar, Vivek},
 title = {Habanero-Java Library: A Java 8 Framework for Multicore Programming},
 booktitle = {Proceedings of the 2014 International Conference on Principles and Practices of Programming on the Java Platform: Virtual Machines, Languages, and Tools},
 series = {PPPJ '14},
 year = {2014},
 isbn = {978-1-4503-2926-2},
 location = {Cracow, Poland},
 pages = {75--86},
 numpages = {12},
 url = {http://doi.acm.org/10.1145/2647508.2647514},
 doi = {10.1145/2647508.2647514},
 acmid = {2647514},
 publisher = {ACM},
 address = {New York, NY, USA},
 keywords = {Habanero-Java library, Java task parallel library, lambda expressions, task parallelism},
} 

@INPROCEEDINGS{determinacy, 
author={Dennis, J.B. and Gao, G.R. and Sarkar, V.}, 
booktitle={Data-Flow Execution Models for Extreme Scale Computing (DFM), 2012}, 
title={Determinacy and Repeatability of Parallel Program Schemata}, 
year={2012}, 
month={Sept}, 
pages={1-9}, 
keywords={data flow computing;parallel programming;data flow programs;parallel program determinism;parallel program schemata determinacy;parallel program schemata repeatability;parallel systems;task-parallel programs;Computational modeling;Computers;Data models;Electronic mail;Parallel processing;Ports (Computers);Switches}, 
doi={10.1109/DFM.2012.10},}
