@inproceedings{Cave:2011:HNA:2093157.2093165,
 author = {Cav{\'e}, Vincent and Zhao, Jisheng and Shirako, Jun and Sarkar, Vivek},
 title = {Habanero-{J}ava: the new adventures of old {X}10},
 booktitle = {Proceedings of the 9th International Conference on Principles and Practice of Programming in Java},
 series = {PPPJ '11},
 year = {2011},
 isbn = {978-1-4503-0935-6},
 location = {Kongens Lyngby, Denmark},
 pages = {51--61},
 numpages = {11},
 publisher = {ACM},
 address = {New York, NY, USA},
 keywords = {data-race detection, language, parallel programming},
} 

@inproceedings{Westbrook:2012:PPR:2367163.2367201,
 author = {Westbrook, Edwin and Zhao, Jisheng and Budimli\'{c}, Zoran and Sarkar, Vivek},
 title = {Practical permissions for race-free parallelism},
 booktitle = {Proceedings of the 26th European conference on Object-Oriented Programming},
 series = {ECOOP'12},
 year = {2012},
 isbn = {978-3-642-31056-0},
 location = {Beijing, China},
 pages = {614--639},
 numpages = {26},
 publisher = {Springer-Verlag},
 address = {Berlin, Heidelberg},
} 

@inproceedings{Westbrook:2011:PRR:2341616.2341627,
 author = {Westbrook, Edwin and Zhao, Jisheng and Budimli\'{c}, Zoran and Sarkar, Vivek},
 title = {Permission regions for race-free parallelism},
 booktitle = {Proceedings of the Second international conference on Runtime verification},
 series = {RV'11},
 year = {2012},
 isbn = {978-3-642-29859-2},
 location = {San Francisco, CA},
 pages = {94--109},
 numpages = {16},
 publisher = {Springer-Verlag},
 address = {Berlin, Heidelberg},
} 

@INPROCEEDINGS{hj-lib,
 author = {Imam, Shams and Sarkar, Vivek},
 title = {Habanero-{J}ava Library: A {J}ava 8 Framework for Multicore Programming},
 booktitle = {Proceedings of the 2014 International Conference on Principles and Practices of Programming on the Java Platform: Virtual Machines, Languages, and Tools},
 series = {PPPJ '14},
 year = {2014},
 isbn = {978-1-4503-2926-2},
 location = {Cracow, Poland},
 pages = {75--86},
 numpages = {12},
 publisher = {ACM},
 address = {New York, NY, USA},
 keywords = {Habanero-Java library, Java task parallel library, lambda expressions, task parallelism},
}

@article{DBLP:journals/ase/PasareanuVBGMR13,
        Author = {Corina S. P\u{a}s\u{a}reanu and Willem Visser and David H. Bushnell and Jaco Geldenhuys and Peter C. Mehlitz and Neha Rungta},
        Bibsource = {dblp computer science bibliography, http://dblp.org},
        Journal = {Autom. Softw. Eng.},
        Number = {3},
        Pages = {391--425},
        Timestamp = {Wed, 12 Nov 2014 00:23:45 +0100},
        Title = {Symbolic {P}athFinder: integrating symbolic execution with model checking for {J}ava bytecode analysis},
        Volume = {20},
        Year = {2013}}

@article{Anderson:2014:JVH:2557833.2560582,
 author = {Anderson, Peter and Chase, Brandon and Mercer, Eric},
 title = {{JPF} Verification of {H}abanero {J}ava Programs},
 journal = {SIGSOFT Softw. Eng. Notes},
 issue_date = {January 2014},
 volume = {39},
 number = {1},
 month = feb,
 year = {2014},
 issn = {0163-5948},
 pages = {1--7},
 numpages = {7},
 publisher = {ACM},
 address = {New York, NY, USA},
} 

@article{Anderson:2015:JVH:2693208.2693245,
 author = {Anderson, Peter and Vrvilo, Nick and Mercer, Eric and Sarkar, Vivek},
 title = {{JPF} Verification of {H}abanero {J}ava Programs Using Gradual Type Permission Regions},
 journal = {SIGSOFT Softw. Eng. Notes},
 issue_date = {January 2015},
 volume = {40},
 number = {1},
 month = feb,
 year = {2015},
 issn = {0163-5948},
 pages = {1--5},
 numpages = {5},
 publisher = {ACM},
 address = {New York, NY, USA},
} 

@incollection{chapel,
year={2013},
isbn={978-3-642-38087-7},
booktitle={NASA Formal Methods},
volume={7871},
series={Lecture Notes in Computer Science},
editor={Brat, Guillaume and Rungta, Neha and Venet, Arnaud},
title={Automated Verification of {C}hapel Programs Using Model Checking and Symbolic Execution},
publisher={Springer Berlin Heidelberg},
author={Zirkel, TimothyK. and Siegel, StephenF. and McClory, Timothy},
pages={198-212}
}

@inproceedings{conf:icst:GligoricMM12,
  added-at = {2012-05-31T00:00:00.000+0200},
  author = {Gligoric, Milos and Mehlitz, Peter C. and Marinov, Darko},
  booktitle = {ICST},
  editor = {Antoniol, Giuliano and Bertolino, Antonia and Labiche, Yvan},
  isbn = {978-1-4577-1906-6},
  keywords = {dblp},
  pages = {11-20},
  publisher = {IEEE},
  timestamp = {2012-05-31T00:00:00.000+0200},
  title = {{X}10{X}: Model Checking a New Programming Language with an "Old" Model Checker.},
  year = 2012
}

@inproceedings{Vakkalanka:2008:DVM:1427782.1427794,
 author = {Vakkalanka, Sarvani and Gopalakrishnan, Ganesh and Kirby, Robert M.},
 title = {Dynamic Verification of {M}{P}{I} Programs with Reductions in Presence of Split Operations and Relaxed Orderings},
 booktitle = {Proceedings of the 20th international conference on Computer Aided Verification},
 series = {CAV '08},
 year = {2008},
 isbn = {978-3-540-70543-7},
 location = {Princeton, NJ, USA},
 pages = {66--79},
 numpages = {14},
 publisher = {Springer-Verlag},
 address = {Berlin, Heidelberg},
} 


@inproceedings{conf/pldi/MusuvathiQ07,
  added-at = {2007-06-13T00:00:00.000+0200},
  author = {Musuvathi, Madanlal and Qadeer, Shaz},
  booktitle = {PLDI},
  date = {2007-06-13},
  description = {dblp},
  editor = {Ferrante, Jeanne and McKinley, Kathryn S.},
  isbn = {978-1-59593-633-2},
  keywords = {dblp},
  pages = {446-455},
  publisher = {ACM},
  timestamp = {2007-06-13T00:00:00.000+0200},
  title = {{I}terative {C}ontext {B}ounding for {S}ystematic {T}esting of {M}ultithreaded {P}rograms.},
  year = 2007,
  annote = "\input{./refs/iterative}"
}

@article{Emmi:2011:DS:1925844.1926432,
 author = {Emmi, Michael and Qadeer, Shaz and Rakamari\'{c}, Zvonimir},
 title = {Delay-bounded Scheduling},
 journal = {SIGPLAN Not.},
 issue_date = {January 2011},
 volume = {46},
 number = {1},
 month = jan,
 year = {2011},
 issn = {0362-1340},
 pages = {411--422},
 numpages = {12},
 publisher = {ACM},
 address = {New York, NY, USA},
 keywords = {asynchronous programs, concurrency, delay, sequentialization},
} 


@inproceedings{Emmi:2011:DS:1926385.1926432,
 author = {Emmi, Michael and Qadeer, Shaz and Rakamari\'{c}, Zvonimir},
 title = {Delay-bounded Scheduling},
 booktitle = {Proceedings of the 38th Annual ACM SIGPLAN-SIGACT Symposium on Principles of Programming Languages},
 series = {POPL '11},
 year = {2011},
 isbn = {978-1-4503-0490-0},
 location = {Austin, Texas, USA},
 pages = {411--422},
 numpages = {12},
 publisher = {ACM},
 address = {New York, NY, USA},
 keywords = {asynchronous programs, concurrency, delay, sequentialization},
} 


@inproceedings{conf/popl/Godefroid97,
  author = {Godefroid, Patrice},
  booktitle = {POPL},
  pages = {174-186},
  title = {{M}odel {C}hecking for {P}rogramming {L}anguages {U}sing {V}erisoft.},
  year = 1997,
  timestamp = {2002-12-05T00:00:00.000+0100},
  keywords = {dblp},
  added-at = {2002-12-05T00:00:00.000+0100},
  description = {dblp},
  date = {2002-12-05},
  annote = "\input{./refs/popl97}"
}

@article{Eraser,
 author = {Savage, Stefan and Burrows, Michael and Nelson, Greg and Sobalvarro, Patrick and Anderson, Thomas},
 title = {Eraser: A Dynamic Data Race Detector for Multithreaded Programs},
 journal = {ACM Trans. Comput. Syst.},
 issue_date = {Nov. 1997},
 volume = {15},
 number = {4},
 month = nov,
 year = {1997},
 issn = {0734-2071},
 pages = {391--411},
 numpages = {21},
 publisher = {ACM},
 address = {New York, NY, USA},
 keywords = {binary code modification, multithreaded programming, race detection},
} 

@inproceedings{Cilk-Dynamic,
 author = {Cheng, Guang-Ien and Feng, Mingdong and Leiserson, Charles E. and Randall, Keith H. and Stark, Andrew F.},
 title = {Detecting Data Races in Cilk Programs That Use Locks},
 booktitle = {Proceedings of the Tenth Annual ACM Symposium on Parallel Algorithms and Architectures},
 series = {SPAA '98},
 year = {1998},
 isbn = {0-89791-989-0},
 location = {Puerto Vallarta, Mexico},
 pages = {298--309},
 numpages = {12},
 publisher = {ACM},
 address = {New York, NY, USA},
 keywords = {Cilk, algorithm, data race, debugging, multithreading, parallel programming, race detection},
} 


@article{Async-Finish-Race,
  added-at = {2012-12-10T00:00:00.000+0100},
  author = {Raman, Raghavan and Zhao, Jisheng and Sarkar, Vivek and Vechev, Martin T. and Yahav, Eran},
  journal = {Formal Methods in System Design},
  keywords = {dblp},
  number = 3,
  pages = {321-347},
  timestamp = {2012-12-11T11:36:40.000+0100},
  title = {Efficient data race detection for async-finish parallelism.},
  volume = 41,
  year = 2012
}

@article{SP-BAGS,
 author = {Choi, Jong-Deok and Gupta, Manish and Serrano, Mauricio J. and Sreedhar, Vugranam C. and Midkiff, Samuel P.},
 title = {Stack Allocation and Synchronization Optimizations for {J}ava Using Escape Analysis},
 journal = {ACM Trans. Program. Lang. Syst.},
 issue_date = {November 2003},
 volume = {25},
 number = {6},
 month = nov,
 year = {2003},
 issn = {0164-0925},
 pages = {876--910},
 numpages = {35},
 publisher = {ACM},
 address = {New York, NY, USA},
 keywords = {Connection graphs, escape analysis, points-to graph},
} 

@article{ESC,
 author = {Flanagan, Cormac and Leino, K. Rustan M. and Lillibridge, Mark and Nelson, Greg and Saxe, James B. and Stata, Raymie},
 title = {Extended Static Checking for {J}ava},
 journal = {Proceedings of the ACM SIGPLAN 2002 conference on Programming language design and implementation (SIGPLAN Not.)},
 issue_date = {May 2002},
 volume = {37},
 number = {5},
 month = may,
 year = {2002},
 issn = {0362-1340},
 pages = {234--245},
 numpages = {12},
 publisher = {ACM},
 address = {New York, NY, USA},
 keywords = {compile-time program checking},
}

@article{Fasttrack,
 author = {Flanagan, Cormac and Freund, Stephen N.},
 title = {Fast{T}rack: Efficient and Precise Dynamic Race Detection},
 journal = {SIGPLAN Not.},
 issue_date = {June 2009},
 volume = {44},
 number = {6},
 month = jun,
 year = {2009},
 issn = {0362-1340},
 pages = {121--133},
 numpages = {13},
 publisher = {ACM},
 address = {New York, NY, USA},
 keywords = {concurrency, dynamic analysis, race conditions},
} 

@inproceedings{670549,
author = {Nicholas Sterling},
title = {{WARLOCK - A Static Data Race Analysis Tool}},
booktitle = {USENIX Technical Conference},
year = {1993},
pages = {97--106},
masid = {670549}
}

@inproceedings{Relay,
 author = {Voung, Jan Wen and Jhala, Ranjit and Lerner, Sorin},
 title = {RELAY: Static Race Detection on Millions of Lines of Code},
 booktitle = {Proceedings of the the 6th Joint Meeting of the European Software Engineering Conference and the ACM SIGSOFT Symposium on The Foundations of Software Engineering},
 series = {ESEC-FSE '07},
 year = {2007},
 isbn = {978-1-59593-811-4},
 location = {Dubrovnik, Croatia},
 pages = {205--214},
 numpages = {10},
 publisher = {ACM},
 address = {New York, NY, USA},
 keywords = {race detection, static analysis},
}


@inproceedings{RacerX,
 author = {Engler, Dawson and Ashcraft, Ken},
 title = {Racer{X}: Effective, Static Detection of Race Conditions and Deadlocks},
 booktitle = {Proceedings of the Nineteenth ACM Symposium on Operating Systems Principles},
 series = {SOSP '03},
 year = {2003},
 isbn = {1-58113-757-5},
 location = {Bolton Landing, NY, USA},
 pages = {237--252},
 numpages = {16},
 publisher = {ACM},
 address = {New York, NY, USA},
 keywords = {deadlock detection, program checking, race detection},
} 
