ARTICLE{bowman:reasoning,
	AUTHOR = "Mic Bowman and Saumya K. Debray and Larry L. Peterson",
	TITLE = "Reasoning About Naming Systems",
	JOURNAL = "ACM Trans. Program. Lang. Syst.",
	VOLUME = {15},
	NUMBER = {5},
	PAGES = {795-825},
	MONTH = "November",
	YEAR = {1993}	}

@ARTICLE{braams:babel,
	AUTHOR = "Johannes Braams",
	TITLE = "Babel, a Multilingual Style-Option System for Use with LaTeX's Standard Document Styles",
	JOURNAL = {TUGboat},
	VOLUME = {12},
	NUMBER = {2},
	PAGES = {291-301},
	MONTH = "June",
	YEAR = {1991}	}

@INPROCEEDINGS{clark:pct,
	AUTHOR = "Malcolm Clark",
	TITLE = "Post Congress Tristesse",
	BOOKTITLE = "TeX90 Conference Proceedings",
	PAGES = "84-89",
	ORGANIZATION = "TeX Users Group",
	MONTH = "March", 
	YEAR = {1991}	}

@ARTICLE{herlihy:methodology,
	AUTHOR = "Maurice Herlihy",
	TITLE = "A Methodology for Implementing Highly Concurrent
	Data Objects",
	JOURNAL = {ACM Trans. Program. Lang. Syst.},
	VOLUME = {15},
	NUMBER = {5},
	PAGES = {745-770},
	MONTH = "November",
	YEAR = {1993}	}

@BOOK{Lamport:LaTeX,
	AUTHOR = "Leslie Lamport",
	TITLE = "LaTeX User's Guide and Document Reference Manual",
	PUBLISHER = "Addison-Wesley Publishing Company",
	ADDRESS = "Reading, Massachusetts",
	YEAR = "1986"	}

@BOOK{salas:calculus,
	AUTHOR = "S.L. Salas and Einar Hille",
	TITLE = "Calculus: One and Several Variable",
	PUBLISHER = "John Wiley and Sons",
	ADDRESS = "New York",
	YEAR = "1978"	}

@INPROCEEDINGS{hj-lib,
 author = {Imam, Shams and Sarkar, Vivek},
 title = {Habanero-{J}ava Library: A {J}ava 8 Framework for Multicore Programming},
 booktitle = {Proceedings of the 2014 International Conference on Principles and Practices of Programming on the Java Platform: Virtual Machines, Languages, and Tools},
 series = {PPPJ '14},
 year = {2014},
 isbn = {978-1-4503-2926-2},
 location = {Cracow, Poland},
 pages = {75--86},
 numpages = {12},
 url = {http://doi.acm.org/10.1145/2647508.2647514},
 doi = {10.1145/2647508.2647514},
 acmid = {2647514},
 publisher = {ACM},
 address = {New York, NY, USA},
 keywords = {Habanero-Java library, Java task parallel library, lambda expressions, task parallelism},
}

@INPROCEEDINGS{hj-overview,
 author = {Cav{\'e}, Vincent and Zhao, Jisheng and Shirako, Jun and Sarkar, Vivek},
 title = {Habanero-{J}ava: The New Adventures of Old X10},
 booktitle = {Proceedings of the 9th International Conference on Principles and Practice of Programming in Java},
 series = {PPPJ '11},
 year = {2011},
 isbn = {978-1-4503-0935-6},
 location = {Kongens Lyngby, Denmark},
 pages = {51--61},
 numpages = {11},
 url = {http://doi.acm.org/10.1145/2093157.2093165},
 doi = {10.1145/2093157.2093165},
 acmid = {2093165},
 publisher = {ACM},
 address = {New York, NY, USA},
 keywords = {data-race detection, language, parallel programming},
} 

@INPROCEEDINGS{hj-grad-perm,
 author = {Westbrook, Edwin and Zhao, Jisheng and Budimli\'{c}, Zoran and Sarkar, Vivek},
 title = {Permission Regions for Race-free Parallelism},
 booktitle = {Proceedings of the Second International Conference on Runtime Verification},
 series = {RV'11},
 year = {2012},
 isbn = {978-3-642-29859-2},
 location = {San Francisco, CA},
 pages = {94--109},
 numpages = {16},
 publisher = {Springer-Verlag},
 address = {Berlin, Heidelberg},
} 

@article{DBLP:journals/ase/PasareanuVBGMR13,
        Author = {Corina S. P\u{a}s\u{a}reanu and Willem Visser and David H. Bushnell and Jaco Geldenhuys and Peter C. Mehlitz and Neha Rungta},
        Bibsource = {dblp computer science bibliography, http://dblp.org},
        Journal = {Autom. Softw. Eng.},
        Number = {3},
        Pages = {391--425},
        Timestamp = {Wed, 12 Nov 2014 00:23:45 +0100},
        Title = {Symbolic PathFinder: integrating symbolic execution with model checking for {J}ava bytecode analysis},
        Volume = {20},
        Year = {2013}}

@inproceedings{RacerX,
 author = {Engler, Dawson and Ashcraft, Ken},
 title = {RacerX: Effective, Static Detection of Race Conditions and Deadlocks},
 booktitle = {Proceedings of the Nineteenth ACM Symposium on Operating Systems Principles},
 series = {SOSP '03},
 year = {2003},
 isbn = {1-58113-757-5},
 location = {Bolton Landing, NY, USA},
 pages = {237--252},
 numpages = {16},
 url = {http://doi.acm.org/10.1145/945445.945468},
 doi = {10.1145/945445.945468},
 acmid = {945468},
 publisher = {ACM},
 address = {New York, NY, USA},
 keywords = {deadlock detection, program checking, race detection},
} 

@article{Eraser,
 author = {Savage, Stefan and Burrows, Michael and Nelson, Greg and Sobalvarro, Patrick and Anderson, Thomas},
 title = {Eraser: A Dynamic Data Race Detector for Multithreaded Programs},
 journal = {ACM Trans. Comput. Syst.},
 issue_date = {Nov. 1997},
 volume = {15},
 number = {4},
 month = nov,
 year = {1997},
 issn = {0734-2071},
 pages = {391--411},
 numpages = {21},
 url = {http://doi.acm.org/10.1145/265924.265927},
 doi = {10.1145/265924.265927},
 acmid = {265927},
 publisher = {ACM},
 address = {New York, NY, USA},
 keywords = {binary code modification, multithreaded programming, race detection},
} 

@article{Eraser-Upgrade,
 author = {Choi, Jong-Deok and Lee, Keunwoo and Loginov, Alexey and O'Callahan, Robert and Sarkar, Vivek and Sridharan, Manu},
 title = {Efficient and Precise Datarace Detection for Multithreaded Object-oriented Programs},
 journal = {SIGPLAN Not.},
 issue_date = {May 2002},
 volume = {37},
 number = {5},
 month = may,
 year = {2002},
 issn = {0362-1340},
 pages = {258--269},
 numpages = {12},
 url = {http://doi.acm.org/10.1145/543552.512560},
 doi = {10.1145/543552.512560},
 acmid = {512560},
 publisher = {ACM},
 address = {New York, NY, USA},
 keywords = {dataraces, debugging, multithreaded programming, object-oriented programming, parallel programs, race conditions, static-dynamic co-analysis, synchronization},
} 

@inproceedings{Cilk-Dynamic,
 author = {Cheng, Guang-Ien and Feng, Mingdong and Leiserson, Charles E. and Randall, Keith H. and Stark, Andrew F.},
 title = {Detecting Data Races in Cilk Programs That Use Locks},
 booktitle = {Proceedings of the Tenth Annual ACM Symposium on Parallel Algorithms and Architectures},
 series = {SPAA '98},
 year = {1998},
 isbn = {0-89791-989-0},
 location = {Puerto Vallarta, Mexico},
 pages = {298--309},
 numpages = {12},
 url = {http://doi.acm.org/10.1145/277651.277696},
 doi = {10.1145/277651.277696},
 acmid = {277696},
 publisher = {ACM},
 address = {New York, NY, USA},
 keywords = {Cilk, algorithm, data race, debugging, multithreading, parallel programming, race detection},
} 

@article{Lamport-Comparison,
 author = {Dinning, A. and Schonberg, E.},
 title = {An Empirical Comparison of Monitoring Algorithms for Access Anomaly Detection},
 journal = {SIGPLAN Not.},
 issue_date = {Mar. 1990},
 volume = {25},
 number = {3},
 month = feb,
 year = {1990},
 issn = {0362-1340},
 pages = {1--10},
 numpages = {10},
 url = {http://doi.acm.org/10.1145/99164.99165},
 doi = {10.1145/99164.99165},
 acmid = {99165},
 publisher = {ACM},
 address = {New York, NY, USA},
} 

@article{Mesa,
 author = {Lampson, Butler W. and Redell, David D.},
 title = {Experience with Processes and Monitors in Mesa},
 journal = {Commun. ACM},
 issue_date = {Feb. 1980},
 volume = {23},
 number = {2},
 month = feb,
 year = {1980},
 issn = {0001-0782},
 pages = {105--117},
 numpages = {13},
 url = {http://doi.acm.org/10.1145/358818.358824},
 doi = {10.1145/358818.358824},
 acmid = {358824},
 publisher = {ACM},
 address = {New York, NY, USA},
 keywords = {concurrency, condition, deadlock, module, monitor, operating system, process, synchronization, task, variable},
} 

@inproceedings{Lamport-Online,
  added-at = {2012-05-21T00:00:00.000+0200},
  author = {Perkovic, Dejan and Keleher, Peter J.},
  biburl = {http://www.bibsonomy.org/bibtex/22e857a763de615c6be6aaf56a2d47354/dblp},
  booktitle = {OSDI},
  editor = {Petersen, Karin and Zwaenepoel, Willy},
  ee = {http://doi.acm.org/10.1145/238721.238760},
  interhash = {858f3bd05cf15165528ed4eb7f8040b9},
  intrahash = {2e857a763de615c6be6aaf56a2d47354},
  isbn = {1-880446-82-0},
  keywords = {dblp},
  note = {Operating Systems Review 30, Special Issue, October 1996},
  pages = {47-57},
  publisher = {ACM},
  timestamp = {2015-04-28T07:22:10.000+0200},
  title = {Online Data-Race Detection via Coherency Guarantees.},
  url = {http://dblp.uni-trier.de/db/conf/osdi/osdi96.html#PerkovicK96},
  year = 1996
}

@article{Async-Finish-Race,
  added-at = {2012-12-10T00:00:00.000+0100},
  author = {Raman, Raghavan and Zhao, Jisheng and Sarkar, Vivek and Vechev, Martin T. and Yahav, Eran},
  biburl = {http://www.bibsonomy.org/bibtex/2f19708396d9bd00dcaa3d596647b001d/dblp},
  ee = {http://dx.doi.org/10.1007/s10703-012-0143-7},
  interhash = {ae2ff1c23e0ed7602e0b411c322beeb4},
  intrahash = {f19708396d9bd00dcaa3d596647b001d},
  journal = {Formal Methods in System Design},
  keywords = {dblp},
  number = 3,
  pages = {321-347},
  timestamp = {2012-12-11T11:36:40.000+0100},
  title = {Efficient data race detection for async-finish parallelism.},
  url = {http://dblp.uni-trier.de/db/journals/fmsd/fmsd41.html#RamanZSVY12},
  volume = 41,
  year = 2012
}

@article{SP-BAGS,
 author = {Choi, Jong-Deok and Gupta, Manish and Serrano, Mauricio J. and Sreedhar, Vugranam C. and Midkiff, Samuel P.},
 title = {Stack Allocation and Synchronization Optimizations for {J}ava Using Escape Analysis},
 journal = {ACM Trans. Program. Lang. Syst.},
 issue_date = {November 2003},
 volume = {25},
 number = {6},
 month = nov,
 year = {2003},
 issn = {0164-0925},
 pages = {876--910},
 numpages = {35},
 url = {http://doi.acm.org/10.1145/945885.945892},
 doi = {10.1145/945885.945892},
 acmid = {945892},
 publisher = {ACM},
 address = {New York, NY, USA},
 keywords = {Connection graphs, escape analysis, points-to graph},
} 

@article{ESC,
 author = {Flanagan, Cormac and Leino, K. Rustan M. and Lillibridge, Mark and Nelson, Greg and Saxe, James B. and Stata, Raymie},
 title = {Extended Static Checking for {J}ava},
 journal = {Proceedings of the ACM SIGPLAN 2002 conference on Programming language design and implementation (SIGPLAN Not.)},
 issue_date = {May 2002},
 volume = {37},
 number = {5},
 month = may,
 year = {2002},
 issn = {0362-1340},
 pages = {234--245},
 numpages = {12},
 publisher = {ACM},
 address = {New York, NY, USA},
 keywords = {compile-time program checking},
}

@article{Warlock,
 author = {Flanagan, Cormac and Freund, Stephen N.},
 title = {FastTrack: Efficient and Precise Dynamic Race Detection},
 journal = {SIGPLAN Not.},
 issue_date = {June 2009},
 volume = {44},
 number = {6},
 month = jun,
 year = {2009},
 issn = {0362-1340},
 pages = {121--133},
 numpages = {13},
 publisher = {ACM},
 address = {New York, NY, USA},
 keywords = {concurrency, dynamic analysis, race conditions},
} 

@inproceedings{Relay,
 author = {Voung, Jan Wen and Jhala, Ranjit and Lerner, Sorin},
 title = {RELAY: Static Race Detection on Millions of Lines of Code},
 booktitle = {Proceedings of the the 6th Joint Meeting of the European Software Engineering Conference and the ACM SIGSOFT Symposium on The Foundations of Software Engineering},
 series = {ESEC-FSE '07},
 year = {2007},
 isbn = {978-1-59593-811-4},
 location = {Dubrovnik, Croatia},
 pages = {205--214},
 numpages = {10},
 publisher = {ACM},
 address = {New York, NY, USA},
 keywords = {race detection, static analysis},
}

@article{Visser:2003:MCP:641151.641186,
 author = {Visser, Willem and Havelund, Klaus and Brat, Guillaume and Park, Seungjoon and Lerda, Flavio},
 title = {Model Checking Programs},
 journal = {Automated Software Engg.},
 issue_date = {April 2003},
 volume = {10},
 number = {2},
 month = apr,
 year = {2003},
 issn = {0928-8910},
 pages = {203--232},
 numpages = {30},
 publisher = {Kluwer Academic Publishers},
 address = {Hingham, MA, USA},
 keywords = {Java, abstraction, model checking, runtime analysis, static analysis, symmetry},
}

@inproceedings{Shirako:2008:PUD:1375527.1375568,
 author = {Shirako, Jun and Peixotto, David M. and Sarkar, Vivek and Scherer, William N.},
 title = {Phasers: A Unified Deadlock-free Construct for Collective and Point-to-point Synchronization},
 booktitle = {Proceedings of the 22Nd Annual International Conference on Supercomputing},
 series = {ICS '08},
 year = {2008},
 isbn = {978-1-60558-158-3},
 location = {Island of Kos, Greece},
 pages = {277--288},
 numpages = {12},
 publisher = {ACM},
 address = {New York, NY, USA},
 keywords = {barriers, semaphores},
}

@article{Anderson:2014:JVH:2557833.2560582,
 author = {Anderson, Peter and Chase, Brandon and Mercer, Eric},
 title = {JPF Verification of Habanero Java Programs},
 journal = {SIGSOFT Softw. Eng. Notes},
 issue_date = {January 2014},
 volume = {39},
 number = {1},
 month = feb,
 year = {2014},
 issn = {0163-5948},
 pages = {1--7},
 numpages = {7},
 publisher = {ACM},
 address = {New York, NY, USA},
} 

@article{Anderson:2015:JVH:2693208.2693245,
 author = {Anderson, Peter and Vrvilo, Nick and Mercer, Eric and Sarkar, Vivek},
 title = {JPF Verification of Habanero Java Programs Using Gradual Type Permission Regions},
 journal = {SIGSOFT Softw. Eng. Notes},
 issue_date = {January 2015},
 volume = {40},
 number = {1},
 month = feb,
 year = {2015},
 issn = {0163-5948},
 pages = {1--5},
 numpages = {5},
 publisher = {ACM},
 address = {New York, NY, USA},
} 
