@inproceedings{cave2011habanero,
  title={Habanero-{J}ava: the new adventures of old {X}10},
  author={Cav{\'e}, Vincent and Zhao, Jisheng and Shirako, Jun and Sarkar, Vivek},
  booktitle = {Proceedings of the 9th International Conference on Principles and Practice of Programming in Java},
 pages = {51--61},
 year = {2011},
}

@article{charles2005x10,
 author = {Charles, Philippe and Grothoff, Christian and Saraswat, Vijay and Donawa, Christopher and Kielstra, Allan and Ebcioglu, Kemal and von Praun, Christoph and Sarkar, Vivek},
 title = {X10: {An} {O}bject-oriented {A}pproach to {N}on-uniform {C}luster {C}omputing},
 journal = {SIGPLAN Notices},
 volume = {40(10)},
 year = {2005},
 pages = {519--538}
} 

@article{blumofe1996cilk,
  title={Cilk: An efficient multithreaded runtime system},
  author={Blumofe, Robert D and Joerg, Christopher F and Kuszmaul, Bradley C and Leiserson, Charles E and Randall, Keith H and Zhou, Yuli},
  journal={Journal of parallel and distributed computing},
  volume={37(1)},
  pages={55--69},
  year={1996}
}

@inproceedings{imam2014habanero,
  title={Habanero-{J}ava library: a {J}ava 8 framework for multicore programming},
  author={Imam, Shams and Sarkar, Vivek},
  journal={Proceedings of the International Conference on Principles and Practices of Programming on the Java platform: Virtual machines, Languages, and Tools},
  pages={75--86},
  year={2014}
}

@article{raman2012scalable,
  title={Scalable and {P}recise dynamic datarace detection for structured parallelism},
  author={Raman, Raghavan and Zhao, Jisheng and Sarkar, Vivek and Vechev, Martin and Yahav, Eran},
  journal={SIGPLAN Notices},
  volume={47(6)},
  pages={531--542},
  year={2012}
}

@misc{kulikov2010detecting,
  title={Detecting Data Races with Java PathFinder},
  author={Kulikov, Sergey and Shafiei, Nastaran and Van Breugel, Franck and Visser, Willem},
  year={2010},
  url={http://nastaran.ca/files/race.pdf}
}

@article{dimitrov2014commutativity,
  title={Commutativity race detection},
  author={Dimitrov, Dimitar and Raychev, Veselin and Vechev, Martin and Koskinen, Eric},
  journal={SIGPLAN Notices},
  volume={49(6)},
  pages={305--315},
  year={2014}
}

@article{flanagan2009fasttrack,
  title={Fast{T}rack: efficient and precise dynamic race detection},
  author={Flanagan, Cormac and Freund, Stephen N},
  journal={SIGPLAN Notices},
  volume={44(6)},
  pages={121--133},
  year={2009}
}

@article{savage1997eraser,
  title={Eraser: A dynamic data race detector for multithreaded programs},
  author={Savage, Stefan and Burrows, Michael and Nelson, Greg and Sobalvarro, Patrick and Anderson, Thomas},
  journal={ACM Transactions on Computer Systems (TOCS)},
  volume={15(4)},
  pages={391--411},
  year={1997}
}

@article{EraserUpgrade,
 author = {Choi, Jong-Deok and Lee, Keunwoo and Loginov, Alexey and O'Callahan, Robert and Sarkar, Vivek and Sridharan, Manu},
 title = {Efficient and {P}recise {D}atarace {D}etection for {M}ultithreaded {O}bject-oriented {P}rograms},
 journal = {SIGPLAN Notices},
 volume = {37(5)},
 year = {2002},
 pages = {258--269}
}

@inproceedings{Feng97efficientdetection,
    author = {Mingdong Feng},
    title = {Efficient detection of determinacy races in {C}ilk programs},
    booktitle = {In Proceedings of the Ninth Annual ACM Symposium on Parallel Algorithms and Architectures (SPAA)},
    year = {1997},
    pages = {1--11}
}

@inproceedings{Async-Finish-Race,
  title={Efficient data race detection for async-finish parallelism},
  author={Raman, Raghavan and Zhao, Jisheng and Sarkar, Vivek and Vechev, Martin and Yahav, Eran},
  booktitle={International Conference on Runtime Verification},
  pages={368--383},
  year={2010}
}

@incollection{westbrook2012practical,
  title={Practical permissions for race-free parallelism},
  author={Westbrook, Edwin and Zhao, Jisheng and Budimli{\'c}, Zoran and Sarkar, Vivek},
  booktitle={ECOOP--Object-Oriented Programming},
  pages={614--639},
  year={2012}
}

@inproceedings{westbrook2012permission,
  title={Permission regions for race-free parallelism},
  author={Westbrook, Edwin and Zhao, Jisheng and Budimli{\'c}, Zoran and Sarkar, Vivek},
  booktitle={Runtime Verification},
  pages={94--109},
  year={2012}
}

@inproceedings{mercer2015model,
  title={Model Checking Task Parallel Programs using Gradual Permissions},
  author={Mercer, Eric and Anderson, Peter and  Vrvilo, Nick and Sarkar, Vivek},
  booktitle={Proceedings of 30th IEEE/ACM International Conference on Automated Software Engineering},
  pages = {535--540},
  year={2015}
}	

@article{engler2003racerx,
  title={Racer{X}: effective, static detection of race conditions and deadlocks},
  author={Engler, Dawson and Ashcraft, Ken},
  journal={ACM SIGOPS Operating Systems Review},
  volume={37(5)},
  pages={237--252},
  year={2003}
}

@inproceedings{kahlon2009static,
  title={Static data race detection for concurrent programs with asynchronous calls},
  author={Kahlon, Vineet and Sinha, Nishant and Kruus, Erik and Zhang, Yun},
  booktitle={Proceedings of the the 7th joint meeting of the European software engineering conference and the ACM SIGSOFT symposium on the foundations of software engineering},
  pages={13--22},
  year={2009}
}

@article{ESC,
 author = {Flanagan, Cormac and Leino, K. Rustan M. and Lillibridge, Mark and Nelson, Greg and Saxe, James B. and Stata, Raymie},
 title = {Extended {S}tatic {C}hecking for {J}ava},
 journal = {Proceedings of the ACM SIGPLAN conference on Programming language design and implementation (SIGPLAN Notices)},
 volume = {37(5)},
 year = {2002},
 pages = {234--245}
}

@article{abadi2006types,
  title={Types for safe locking: Static race detection for Java},
  author={Abadi, Martin and Flanagan, Cormac and Freund, Stephen N},
  journal={ACM Transactions on Programming Languages and Systems (TOPLAS)},
  volume={28(2)},
  pages={207--255},
  year={2006}
}

@article{naik2006effective,
  title={Effective static race detection for Java},
  author={Naik, Mayur and Aiken, Alex and Whaley, John},
  journal = {SIGPLAN Notices},
  volume={41(6)},
  pages = {308--319},
  year={2006}
}

@inproceedings{voung2007relay,
  title={{RELAY}: static race detection on millions of lines of code},
  author={Voung, Jan Wen and Jhala, Ranjit and Lerner, Sorin},
  booktitle={Proceedings of the the 6th joint meeting of the European software engineering conference and the ACM SIGSOFT symposium on the foundations of software engineering},
  pages={205--214},
  year={2007}
}

@techreport{choi2001static,
  title={Static datarace analysis for multithreaded object-oriented programs},
  author={Choi, Jong-Deok and Loginov, Alexey and Sarkar, Vivek},
  institution={Technical Report RC22146, IBM Research},
  year={2001}
}

@inproceedings{vechev2011automatic,
 author = {Vechev, Martin and Yahav, Eran and Raman, Raghavan and Sarkar, Vivek},
 title = {Automatic Verification of Determinism for Structured Parallel Programs},
 booktitle = {Proceedings of the 17th International Conference on Static Analysis},
 year = {2010},
 pages = {455--471}
}

@inproceedings{burnim2009asserting,
  title={Asserting and checking determinism for multithreaded programs},
  author={Burnim, Jacob and Sen, Koushik},
  booktitle={Proceedings of the the 7th joint meeting of the European software engineering conference and the ACM SIGSOFT symposium on The foundations of software engineering},
  pages={3--12},
  year={2009}
}

@article{burnim2010determin,
  title={{DETERMIN}: {I}nferring likely deterministic specifications of multithreaded programs},
  author={Burnim, Jacob and Sen, Koushik},
  journal={Proceedings of the 32nd ACM/IEEE International Conference on Software Engineering},
  volume={1},
  pages={415--424},
  year={2010}
}

@inproceedings{nistor2010instantcheck,
  title={Instantcheck: {C}hecking the determinism of parallel programs using on-the-fly incremental hashing},
  author={Nistor, Adrian and Marinov, Darko and Torrellas, Josep},
  booktitle={Proceedings of the 43rd Annual IEEE/ACM International Symposium on Microarchitecture},
  pages={251--262},
  year={2010}
}

@article{anderson2014jpf,
  title={J{PF} verification of {H}abanero {J}ava programs},
  author={Anderson, Peter and Chase, Brandon and Mercer, Eric},
  journal={ACM SIGSOFT Software Engineering Notes},
  volume={39(1)},
  pages={1--7},
  year={2014}
}

@inproceedings{gligoric2012x10x,
  title={X10{X}: {M}odel checking a new programming language with an `old' model checker},
  author={Gligoric, Milos and Mehlitz, Peter C and Marinov, Darko},
  booktitle={IEEE Fifth International Conference on Software Testing, Verification and Validation (ICST)},
  pages={11--20},
  year={2012}
}

@article{zirkel2013automated,
  title={Automated {V}erification of {C}hapel {P}rograms Using {M}odel {C}hecking and {S}ymbolic {E}xecution.},
  author={Zirkel, Timothy K and Siegel, Stephen F and McClory, Timothy},
  journal={NASA Formal Methods},
  volume={7871},
  pages={198--212},
  year={2013}
}

@inproceedings{kahlon2010universal,
  title={Universal causality graphs: {A} precise happens-before model for detecting bugs in concurrent programs},
  author={Kahlon, Vineet and Wang, Chao},
  booktitle={Computer Aided Verification},
  pages={434--449},
  year={2010}
}

@inproceedings{miller1988mechanism,
 author = {Miller, B. P. and Choi, Jong-Deok},
 title = {A {M}echanism for {E}fficient {D}ebugging of {P}arallel {P}rograms},
 booktitle = {Proceedings of the ACM SIGPLAN Conference on Programming Language Design and Implementation},
 year = {1988},
 pages = {135--144}
}

@online{jgrapht,
title = {{JGraphT}, {A} {J}ava {L}ibrary focused on data structures and algorithms},
url = {http://jgrapht.org/}
}

@article{xu1997rely,
  title={The rely-guarantee method for verifying shared variable concurrent programs},
  author={Xu, Qiwen and de Roever, Willem-Paul and He, Jifeng},
  journal={Formal Aspects of Computing},
  volume={9(2)},
  pages={149--174},
  year={1997}
}

@incollection{popeea2012compositional,
  title={Compositional termination proofs for multi-threaded programs},
  author={Popeea, Corneliu and Rybalchenko, Andrey},
  booktitle={Tools and Algorithms for the Construction and Analysis of Systems},
  pages={237--251},
  year={2012}
}

@incollection{flanagan2003thread,
  title={Thread-modular model checking},
  author={Flanagan, Cormac and Qadeer, Shaz},
  booktitle={Model Checking Software},
  pages={213--224},
  year={2003}
}

@inproceedings{henzinger2003thread,
  title={Thread-modular abstraction refinement},
  author={Henzinger, Thomas A and Jhala, Ranjit and Majumdar, Rupak and Qadeer, Shaz},
  booktitle={International Conference on Computer Aided Verification},
  pages={262--274},
  year={2003}
}

@incollection{malkis2007precise,
  title={Precise thread-modular verification},
  author={Malkis, Alexander and Podelski, Andreas and Rybalchenko, Andrey},
  booktitle={Static Analysis},
  pages={218--232},
  year={2007}
}

@inproceedings{dennis2012determinacy,
  title={Determinacy and repeatability of parallel program schemata},
  author={Dennis, Jack B and Gao, Guang R and Sarkar, Vivek},
  booktitle={Data-Flow Execution Models for Extreme Scale Computing},
  pages={1--9},
  year={2012}
}

@article{lamport1978time,
  title={Time, clocks, and the ordering of events in a distributed system},
  author={Lamport, Leslie},
  journal={Communications of the ACM},
  volume={21(7)},
  pages={558--565},
  year={1978}
}

@inproceedings{mellor1991fly,
 author = {Mellor-Crummey, John},
 title = {On-the-fly Detection of Data Races for Programs with Nested Fork-join Parallelism},
 booktitle = {Proceedings of the ACM/IEEE Conference on Supercomputing},
 pages = {24--33},
 year = {1991}
}

@article{schonberg1989fly,
  title={On-the-fly detection of {A}ccess {A}nomalies},
  author={Schonberg, D},
  journal = {SIGPLAN Notices},
  volume={24(7)},
  pages = {285--297},
  year={1989}
}

@incollection{elmas2006goldilocks,
  title={Goldilocks: Efficiently computing the happens-before relation using locksets},
  author={Elmas, Tayfun and Qadeer, Shaz and Tasiran, Serdar},
  booktitle={Formal Approaches to Software Testing and Runtime Verification},
  pages={193--208},
  year={2006}
}

@article{elmas2007goldilocks,
 author = {Elmas, Tayfun and Qadeer, Shaz and Tasiran, Serdar},
 title = {Goldilocks: A Race and Transaction-aware Java Runtime},
 journal = {SIGPLAN Notices},
 volume = {42(6)},
 year = {2007},
 pages = {245--255},
}

@incollection{forejt2014precise,
  title={Precise predictive analysis for discovering communication deadlocks in MPI programs},
  author={Forejt, Vojt{\v{e}}ch and Kroening, Daniel and Narayanaswamy, Ganesh and Sharma, Subodh},
  booktitle={Formal Methods},
  pages={263--278},
  year={2014}
}

@incollection{vakkalanka2008implementing,
  title={Implementing efficient dynamic formal verification methods for MPI programs},
  author={Vakkalanka, Sarvani and DeLisi, Michael and Gopalakrishnan, Ganesh and Kirby, Robert M and Thakur, Rajeev and Gropp, William},
  booktitle={Recent Advances in Parallel Virtual Machine and Message Passing Interface},
  pages={248--256},
  year={2008}
}

@inproceedings{Godefroid,
 author = {Godefroid, Patrice},
 title = {Model Checking for Programming Languages Using VeriSoft},
 booktitle = {Proceedings of the 24th ACM SIGPLAN-SIGACT Symposium on Principles of Programming Languages},
 pages = {174--186},
 year = {1997}
} 

@article{gotsman2007thread,
  title={Thread-modular shape analysis},
  author={Gotsman, Alexey and Berdine, Josh and Cook, Byron and Sagiv, Mooly},
  journal={SIGPLAN Notices},
  volume={42(6)},
  pages={266--277},
  year={2007}
}

@article{bouajjani,
  title={Analysis of recursively parallel programs},
  author={Bouajjani, Ahmed and Emmi, Michael},
  journal={SIGPLAN Notices},
  volume={47(1)},
  pages={203--214},
  year={2012}
}

@inproceedings{demsky2015satcheck,
  title={SATCheck: {SAT}-directed stateless model checking for {SC} and {TSO}},
  author={Demsky, Brian and Lam, Patrick},
  booktitle={Proceedings of the ACM SIGPLAN International Conference on Object-Oriented Programming, Systems, Languages, and Applications},
  pages={20--36},
  year={2015}
}

@inproceedings{hong2012testing,
  title={Testing concurrent programs to achieve high synchronization coverage},
  author={Hong, Shin and Ahn, Jaemin and Park, Sangmin and Kim, Moonzoo and Harrold, Mary Jean},
  booktitle={Proceedings of the International Symposium on Software Testing and Analysis},
  pages={210--220},
  year={2012}
}

@article{yu2012maple,
  title={Maple: a coverage-driven testing tool for multithreaded programs},
  author={Yu, Jie and Narayanasamy, Satish and Pereira, Cristiano and Pokam, Gilles},
  journal={SIGPLAN Notices},
  volume={47(10)},
  pages={485--502},
  year={2012}
}

@article{terragni2015recontest,
  title={Recontest: {E}ffective regression testing of concurrent programs},
  author={Terragni, Valerio and Cheung, Shing-Chi and Zhang, Charles},
  journal={IEEE/ACM 37th IEEE International Conference on Software Engineering},
  volume={1},
  pages={246--256},
  year={2015}
}

@inproceedings{yu2014simrt,
  title={Sim{RT}: an automated framework to support regression testing for data races},
  author={Yu, Tingting and Srisa-an, Witawas and Rothermel, Gregg},
  booktitle={Proceedings of the 36th International Conference on Software Engineering},
  pages={48--59},
  year={2014}
}

@inproceedings{leon2015unfolding,
  title={Unfolding Based Minimal Test Suites for Testing Multithreaded Programs},
  author={Leon, Hernan Ponce de and Saarikivi, Olli and Kahkonen, Kari and Heljanko, Keijo and Esparza, Javier},
  booktitle={15th International Conference on Application of Concurrency to System Design (ACSD)},
  pages={40--49},
  year={2015}
}

@article{kahkonen2015unfolding,
  title={Unfolding based automated testing of multithreaded programs},
  author={K{\"a}hk{\"o}nen, Kari and Saarikivi, Olli and Heljanko, Keijo},
  journal={Automated Software Engineering},
  volume={22(4)},
  pages={475--515},
  year={2015}
}