@article{Anderson:2014:JVH:2557833.2560582,
 author = {Anderson, Peter and Chase, Brandon and Mercer, Eric},
 title = {J{P}{F} {V}erification of {H}abanero {J}ava {P}rograms},
 journal = {SIGSOFT Softw. Eng. Notes},
 issue_date = {January 2014},
 volume = {39},
 number = {1},
 month = feb,
 year = {2014},
 issn = {0163-5948},
 pages = {1--7},
 numpages = {7},
 url = {http://doi.acm.org/10.1145/2557833.2560582},
 doi = {10.1145/2557833.2560582},
 acmid = {2560582},
 publisher = {ACM},
 address = {New York, NY, USA},
} 

@inproceedings{Cave:2011:HNA:2093157.2093165,
 author = {Cav{\'e}, Vincent and Zhao, Jisheng and Shirako, Jun and Sarkar, Vivek},
 title = {Habanero-{J}ava: the new adventures of old {X}10},
 booktitle = {Proceedings of the 9th International Conference on Principles and Practice of Programming in Java},
 series = {PPPJ '11},
 year = {2011},
 isbn = {978-1-4503-0935-6},
 location = {Kongens Lyngby, Denmark},
 pages = {51--61},
 numpages = {11},
 url = {http://doi.acm.org/10.1145/2093157.2093165},
 doi = {10.1145/2093157.2093165},
 acmid = {2093165},
 publisher = {ACM},
 address = {New York, NY, USA},
 keywords = {data-race detection, language, parallel programming}
}

@inproceedings{hj-lib,
 author = {Imam, Shams and Sarkar, Vivek},
 title = {Habanero-{J}ava {L}ibrary: A {J}ava 8 {F}ramework for {M}ulticore {P}rogramming},
 booktitle = {Proceedings of the 2014 International Conference on Principles and Practices of Programming on the Java Platform: Virtual Machines, Languages, and Tools},
 series = {PPPJ '14},
 year = {2014},
 isbn = {978-1-4503-2926-2},
 location = {Cracow, Poland},
 pages = {75--86},
 numpages = {12},
 url = {http://doi.acm.org/10.1145/2647508.2647514},
 doi = {10.1145/2647508.2647514},
 acmid = {2647514},
 publisher = {ACM},
 address = {New York, NY, USA},
 keywords = {Habanero-Java library, Java task parallel library, lambda expressions, task parallelism}
}

@article{Anderson:2015:JVH:2693208.2693245,
 author = {Anderson, Peter and Vrvilo, Nick and Mercer, Eric and Sarkar, Vivek},
 title = {J{P}{F} {V}erification of {H}abanero {J}ava {P}rograms {U}sing {G}radual {T}ype {P}ermission {R}egions},
 journal = {SIGSOFT Softw. Eng. Notes},
 issue_date = {January 2015},
 volume = {40},
 number = {1},
 month = feb,
 year = {2015},
 issn = {0163-5948},
 pages = {1--5},
 numpages = {5},
 url = {http://doi.acm.org/10.1145/2693208.2693245},
 doi = {10.1145/2693208.2693245},
 acmid = {2693245},
 publisher = {ACM},
 address = {New York, NY, USA}
}

@inproceedings{gligoric2012x10x,
  title={X10{X}: {M}odel checking a new programming language with an "old" model checker},
  author={Gligoric, Milos and Mehlitz, Peter C and Marinov, Darko},
  booktitle={Software Testing, Verification and Validation (ICST), 2012 IEEE Fifth International Conference on},
  pages={11--20},
  year={2012},
  organization={IEEE}
}

@article{zirkel2013automated,
  title={Automated {V}erification of {C}hapel {P}rograms Using {M}odel {C}hecking and {S}ymbolic {E}xecution.},
  author={Zirkel, Timothy K and Siegel, Stephen F and McClory, Timothy},
  journal={NASA Formal Methods},
  volume={7871},
  pages={198--212},
  year={2013},
  publisher={Springer}
}

@book{miller1988mechanism,
  title={A mechanism for efficient debugging of parallel programs},
  author={Miller, Barton P and Choi, Jong-Deok},
  volume={23},
  number={7},
  year={1988},
  publisher={ACM}
}

@inproceedings{kahlon2009static,
  title={Static data race detection for concurrent programs with asynchronous calls},
  author={Kahlon, Vineet and Sinha, Nishant and Kruus, Erik and Zhang, Yun},
  booktitle={Proceedings of the the 7th joint meeting of the European software engineering conference and the ACM SIGSOFT symposium on The foundations of software engineering},
  pages={13--22},
  year={2009},
  organization={ACM}
}

@inproceedings{kahlon2010universal,
  title={Universal causality graphs: {A} precise happens-before model for detecting bugs in concurrent programs},
  author={Kahlon, Vineet and Wang, Chao},
  booktitle={Computer Aided Verification},
  pages={434--449},
  year={2010},
  organization={Springer}
}

@inproceedings{nistor2010instantcheck,
  title={Instantcheck: {C}hecking the determinism of parallel programs using on-the-fly incremental hashing},
  author={Nistor, Adrian and Marinov, Darko and Torrellas, Josep},
  booktitle={Proceedings of the 2010 43rd Annual IEEE/ACM International Symposium on Microarchitecture},
  pages={251--262},
  year={2010},
  organization={IEEE Computer Society}
}

@article{savage1997eraser,
  title={Eraser: A dynamic data race detector for multithreaded programs},
  author={Savage, Stefan and Burrows, Michael and Nelson, Greg and Sobalvarro, Patrick and Anderson, Thomas},
  journal={ACM Transactions on Computer Systems (TOCS)},
  volume={15},
  number={4},
  pages={391--411},
  year={1997},
  publisher={ACM}
}

@incollection{vechev2011automatic,
  title={Automatic verification of determinism for structured parallel programs},
  author={Vechev, Martin and Yahav, Eran and Raman, Raghavan and Sarkar, Vivek},
  booktitle={Static Analysis},
  pages={455--471},
  year={2011},
  publisher={Springer}
}  

@inproceedings{flanagan2009fasttrack,
  title={Fast{T}rack: efficient and precise dynamic race detection},
  author={Flanagan, Cormac and Freund, Stephen N},
  booktitle={ACM Sigplan Notices},
  volume={44},
  number={6},
  pages={121--133},
  year={2009},
  organization={ACM}
}
@inproceedings{engler2003racerx,
  title={Racer{X}: effective, static detection of race conditions and deadlocks},
  author={Engler, Dawson and Ashcraft, Ken},
  booktitle={ACM SIGOPS Operating Systems Review},
  volume={37},
  number={5},
  pages={237--252},
  year={2003},
  organization={ACM}
}

@article{Eraser-Upgrade,
 author = {Choi, Jong-Deok and Lee, Keunwoo and Loginov, Alexey and O'Callahan, Robert and Sarkar, Vivek and Sridharan, Manu},
 title = {Efficient and Precise Datarace Detection for Multithreaded Object-oriented Programs},
 journal = {SIGPLAN Not.},
 issue_date = {May 2002},
 volume = {37},
 number = {5},
 month = may,
 year = {2002},
 issn = {0362-1340},
 pages = {258--269},
 numpages = {12},
 url = {http://doi.acm.org/10.1145/543552.512560},
 doi = {10.1145/543552.512560},
 acmid = {512560},
 publisher = {ACM},
 address = {New York, NY, USA},
 keywords = {dataraces, debugging, multithreaded programming, object-oriented programming, parallel programs, race conditions, static-dynamic co-analysis, synchronization},
}
